<?xml version="1.0" encoding="UTF-8"?><collection xmlns="http://www.loc.gov/MARC21/slim"><record><leader>00448nam--2200169-u-4500</leader><controlfield tag="001">000051722</controlfield><controlfield tag="002">20161230</controlfield><controlfield tag="005">20161230201049</controlfield><controlfield tag="008">080916s1000------------r-----000-0-eng-d</controlfield><datafield ind1=" " ind2=" " tag="040"><subfield code="a">IFIN-HH</subfield></datafield><datafield ind1=" " ind2=" " tag="080"><subfield code="a">517.63</subfield></datafield><datafield ind1="1" ind2=" " tag="100"><subfield code="a">Gelard,Jacques</subfield></datafield><datafield ind1="1" ind2="0" tag="245"><subfield code="a">Etude des Singularites de L'Equation de Laplace et de L'Equation Biharmonique. These</subfield></datafield><datafield ind1=" " ind2=" " tag="260"><subfield code="a">Toulouse</subfield><subfield code="c">1969</subfield></datafield><datafield ind1=" " ind2=" " tag="300"><subfield code="a">92 p</subfield></datafield><datafield ind1=" " ind2=" " tag="852"><subfield code="a">34351</subfield><subfield code="c">517.63</subfield></datafield><datafield ind1=" " ind2=" " tag="CAT"><subfield code="a">Sys</subfield><subfield code="c">20080916</subfield><subfield code="h">110148</subfield></datafield></record></collection>